\RequirePackage{filecontents}
 \usepackage{url}
 
\begin{filecontents*}{references.bib} 
@article{Hrisko_2020,
    title = "Urban air temperature model using GOES-16 LST and a diurnal regressive neural network algorithm",
    journal = "Remote Sensing of Environment",
    volume = "237",
    pages = "111495",
    year = "2020",
    issn = "0034-4257",
    doi = "10.1016/j.rse.2019.111495",
    url = "http://www.sciencedirect.com/science/article/pii/S0034425719305140",
    author = "Joshua Hrisko and Prathap Ramamurthy and Yunyue Yu and Peng Yu and David Melecio-Vázquez",
    keywords = "Air temperature, GOES-16, Neural network, Regression, LST, Air temperature model, Satellite remote sensing"
}

@article{Hrisko_2021,
    title = "Spatiotemporal Variability of Heat Storage in Major U.S. Cities—A Satellite-Based Analysis",
    journal = "Remote Sensing",
    volume = "13",
    pages = "59",
    year = "2021",
    doi = "10.3390/rs13010059",
    url = "https://www.mdpi.com/2072-4292/13/1/59",
    author = "Joshua Hrisko and Prathap Ramamurthy and David Melecio-Vazquez and Jorge E. Gonzalez"
}

@article{Li_2014,
	doi = {10.1088/1748-9326/9/5/055001},
	url = {https://doi.org/10.1088/1748-9326/9/5/055001},
	year = 2014,
	month = {may},
	publisher = {{IOP} Publishing},
	volume = {9},
	number = {5},
	pages = {055001},
	author = {Dan Li and Elie Bou-Zeid},
	title = {Quality and sensitivity of high-resolution numerical simulation of urban heat islands},
	journal = {Environmental Research Letters}
}

@article{Businger_1971,
  title={Flux-profile relationships in the atmospheric surface layer},
  author={Businger, Joost A and Wyngaard, John C and Izumi, Y and Bradley, Edward F},
  journal={Journal of Atmospheric Sciences},
  volume={28},
  number={2},
  pages={181--189},
  year={1971}
}

@article{Verkaik_2007,
  title={Wind profiles, momentum fluxes and roughness lengths at Cabauw revisited},
  author={Verkaik, JW and Holtslag, AAM},
  journal={Boundary-layer meteorology},
  volume={122},
  number={3},
  pages={701--719},
  year={2007},
  publisher={Springer}
}

@article{Kim_2019,
  title={Estimation of sensible heat flux and atmospheric boundary layer height using an unmanned aerial vehicle},
  author={Kim, Min-Seong and Kwon, Byung Hyuk},
  journal={Atmosphere},
  volume={10},
  number={7},
  pages={363},
  year={2019},
  publisher={Multidisciplinary Digital Publishing Institute}
}

@article{Voogt_2000,
  title={Modeling surface sensible heat flux using surface radiative temperatures in a simple urban area},
  author={Voogt, James A and Grimmond, CSB},
  journal={Journal of Applied Meteorology},
  volume={39},
  number={10},
  pages={1679--1699},
  year={2000}
}

@article{Stewart_1994,
  title={Sensible heat flux-radiometric surface temperature relationship for eight semiarid areas},
  author={Stewart, John B and Kustas, William P and Humes, Karen S and Nichols, William D and Moran, M Susan and de Bruin, Henk AR},
  journal={Journal of Applied Meteorology and Climatology},
  volume={33},
  number={9},
  pages={1110--1117},
  year={1994}
}

@article{van_Ulden_1985,
  title={Estimation of atmospheric boundary layer parameters for diffusion applications},
  author={Van Ulden, AP and Holtslag, AAM},
  journal={Journal of Applied Meteorology and Climatology},
  volume={24},
  number={11},
  pages={1196--1207},
  year={1985}
}

@article {Raupach_1994,
    author = "M. R. Raupach",
    title = "Simplified expressions for vegetation roughness length and zero-plane displacement as functions of canopy height and area index",
    year = "1994",
    month = "10",
    day = "1",
    journal = "Boundary-Layer Meteorology",
    volume = "71",
    issn = "1",
    pages = "211-216",
    url = "https://doi.org/10.1007/BF00709229",
    doi = "10.1007/BF00709229"
}

@article {Zilitinkevich_1995,
    title = "Air Pollution Theory and Simulation",
    year = "1995",
    author = "S S Zilitinkevich",
    pages = "53-60",
    volume = "3",
    journal = "Air Pollution"
}

@article {Stanhill_1969,
      author = "G.  Stanhill",
      title = "A Simple Instrument for the Field Measurement of Turbulent Diffusion Flux",
      journal = "Journal of Applied Meteorology and Climatology",
      year = "01 Aug. 1969",
      publisher = "American Meteorological Society",
      address = "Boston MA, USA",
      volume = "8",
      number = "4",
      doi = "10.1175/1520-0450(1969)008<0509:ASIFTF>2.0.CO;2",
      pages=      "509 - 513",
      url = "https://journals.ametsoc.org/view/journals/apme/8/4/1520-0450_1969_008_0509_asiftf_2_0_co_2.xml"
}

@article{Moriasi_2007, 
    title={Model Evaluation Guidelines for Systematic Quantification of Accuracy in Watershed Simulations}, 
    volume={50}, 
    DOI={10.13031/2013.23153}, 
    number={3}, 
    journal={Transactions of the ASABE}, 
    author={Moriasi, D. N. and Arnold, J. G. and Liew, M. W. Van and Bingner, R. L. and Harmel, R. D. and Veith, T. L.}, 
    year={2007}, 
    pages={885–900}
}

@article{Dyer_1974,
	title = {A review of flux-profile relationships},
	volume = {7},
	issn = {0006-8314, 1573-1472},
	url = {http://link.springer.com/10.1007/BF00240838},
	doi = {10.1007/BF00240838},
	language = {en},
	number = {3},
	urldate = {2021-01-15},
	journal = {Boundary-Layer Meteorology},
	author = {Dyer, A. J.},
	month = nov,
	year = {1974},
	pages = {363--372},
}

@techreport{Skamarock_2008,
	title = {A {Description} of the {Advanced} {Research} {WRF} {Version} 3},
	url = {http://opensky.ucar.edu/islandora/object/technotes:500},
	language = {en},
	urldate = {2021-01-15},
	institution = {UCAR/NCAR},
	author = {Skamarock, William and Klemp, Joseph and Dudhia, Jimy and Gill, David and Barker, Dale and Wang, Wei and Huang, Xiang-Yu and Duda, Michael},
	collaborator = {{University Corporation For Atmospheric Research (UCAR):National Center For Atmospheric Research (NCAR):NCAR Library (NCARLIB)}},
	month = jun,
	year = {2008},
	doi = {10.5065/D68S4MVH},
	keywords = {Weather Research and Forecasting, Mesoscale forecast model, Data assimilation system},
	pages = {1002 KB},
}

@article{Grimmond_1999,
  title={Heat storage in urban areas: Local-scale observations and evaluation of a simple model},
  author={Grimmond, CSB and Oke, Timothy R},
  journal={Journal of Applied Meteorology and Climatology},
  volume={38},
  number={7},
  pages={922--940},
  year={1999},
  publisher={American Meteorological Society}
}

@article{Price_1979,
  title={Assessment of the urban heat island effect through the use of satellite data},
  author={Price, John C},
  journal={Monthly Weather Review},
  volume={107},
  number={11},
  pages={1554--1557},
  year={1979}
}


@article{Kato_2005,
    title = "Analysis of urban heat-island effect using ASTER and ETM+ Data: Separation of anthropogenic heat discharge and natural heat radiation from sensible heat flux",
    journal = "Remote Sensing of Environment",
    volume = "99",
    number = "1",
    pages = "44 - 54",
    year = "2005",
    note = "Scientific Results from ASTER",
    issn = "0034-4257",
    doi = "https://doi.org/10.1016/j.rse.2005.04.026",
    url = "http://www.sciencedirect.com/science/article/pii/S0034425705001707",
    author = "Soushi Kato and Yasushi Yamaguchi",
    keywords = "ASTER, Sensible heat flux, Anthropogenic heat discharge, Heat island"
}

@article{chrysoulakis_urban_2018,
	title = {Urban energy exchanges monitoring from space},
	volume = {8},
	issn = {2045-2322},
	url = {http://www.nature.com/articles/s41598-018-29873-x},
	doi = {10.1038/s41598-018-29873-x},
	language = {en},
	number = {1},
	urldate = {2021-01-15},
	journal = {Scientific Reports},
	author = {Chrysoulakis, Nektarios and Grimmond, Sue and Feigenwinter, Christian and Lindberg, Fredrik and Gastellu-Etchegorry, Jean-Philippe and Marconcini, Mattia and Mitraka, Zina and Stagakis, Stavros and Crawford, Ben and Olofson, Frans and Landier, Lucas and Morrison, William and Parlow, Eberhard},
	month = dec,
	year = {2018},
	pages = {11498},
}

@techreport{Yu_2016,
    title = "Geostationary operational environmental satellite (GOES)-R series advanced baseline imager (ABI) L2+ land surface temperature (LST) beta, provisional, and full validation readiness, implementation, and management plan (RIMP)",
    year = "2016",
    publisher = "NOAA/NESDIS/STAR",
    author = "NOAA/NESDIS/STAR",
    url = {https://goes-r.gov/products/RIMPs/RIMP_ABI-L2_FSC_v1.0.pdf}
}

@techreport{Valenti_2017,
    title = "GOES-R Series Product Definition and Users' Guide",
    author = "Jim Valenti",
    year = "2017",
    publisher = "NOAA/NESDIS/STAR"
}

@article{Launiainen_1990,
title = "Derivation of turbulent surface fluxes — An iterative flux-profile method allowing arbitrary observing heights",
journal = "Environmental Software",
volume = "5",
number = "3",
pages = "113 - 124",
year = "1990",
issn = "0266-9838",
doi = "https://doi.org/10.1016/0266-9838(90)90021-W",
url = "http://www.sciencedirect.com/science/article/pii/026698389090021W",
author = "J. Launiainen and T. Vihma",
keywords = "surface fluxes, roughness lengths, bulk-method, Monin-Obukhov similarity theory"
}

@article{Grimmond_1994,
  title={A simple method to determine Obukhov lengths for suburban areas},
  author={Grimmond, CSB and Cleugh, HA},
  journal={Journal of Applied Meteorology},
  volume={33},
  number={3},
  pages={435--440},
  year={1994}
}

@article{Monin_1954,
  title={Dimensionless characteristics of turbulence in the surface layer},
  author={Monin, AS and Obukhov, AM},
  journal={Akad. Nauk SSSR, Geofiz. Inst., Tr},
  volume={24},
  pages={163-187},
  year={1954}
}

@article{Pond_1974,
	title = {A note on bulk aerodynamic coefficients for sensible heat and moisture fluxes},
	volume = {6},
	issn = {0006-8314, 1573-1472},
	url = {http://link.springer.com/10.1007/BF00232493},
	doi = {10.1007/BF00232493},
	language = {en},
	number = {1-2},
	urldate = {2021-01-15},
	journal = {Boundary-Layer Meteorology},
	author = {Pond, S. and Fissel, D. B. and Paulson, C. A.},
	month = mar,
	year = {1974},
	pages = {333--339},
}

@article{Yang_2018,
	title = {A new generation of the {United} {States} {National} {Land} {Cover} {Database}: {Requirements}, research priorities, design, and implementation strategies},
	volume = {146},
	issn = {09242716},
	shorttitle = {A new generation of the {United} {States} {National} {Land} {Cover} {Database}},
	url = {https://linkinghub.elsevier.com/retrieve/pii/S092427161830251X},
	doi = {10.1016/j.isprsjprs.2018.09.006},
	language = {en},
	urldate = {2021-01-15},
	journal = {ISPRS Journal of Photogrammetry and Remote Sensing},
	author = {Yang, Limin and Jin, Suming and Danielson, Patrick and Homer, Collin and Gass, Leila and Bender, Stacie M. and Case, Adam and Costello, Catherine and Dewitz, Jon and Fry, Joyce and Funk, Michelle and Granneman, Brian and Liknes, Greg C. and Rigge, Matthew and Xian, George},
	month = dec,
	year = {2018},
	pages = {108--123},
}

@book{WMO_2008,
	address = {Geneva, Switzerland},
	edition = {5th ed},
	series = {{WMO}},
	title = {Aerodrome reports and forecasts: a users' handbook to the codes},
	isbn = {9789263107824},
	shorttitle = {Aerodrome reports and forecasts},
	number = {no. 782},
	publisher = {WMO},
	editor = {{World Meteorological Organization}},
	year = {2008},
	note = {OCLC: ocn300459644},
	keywords = {Cipher and telegraph codes, Meteorology, Handbooks, manuals, etc, Weather telegraphy, Handbooks, manuals, etc, Meteorology in aeronautics, Handbooks, manuals, etc, Aids to air navigation, Handbooks, manuals, etc},
}

@techreport{NYS_Mesonet,
    title = {New York State Mesonet Standard Network Data Technical Information},
    author = {NYS Mesonet},
    year = {2020},
    url = {https://www2.nysmesonet.org/documents/NYSM_Readme_Standard.pdf}
}

@book {WMO_AWS,
    title = {Measurements at Automatic Weather Stations},
    year = {2010},
	editor = {{World Meteorological Organization}},
    url = "https://library.wmo.int/doc_num.php?explnum_id=3179"
}

@article{Chehn_2009,
author = {Chen, Fei and Zhang, Ying},
title = {On the coupling strength between the land surface and the atmosphere: From viewpoint of surface exchange coefficients},
journal = {Geophysical Research Letters},
volume = {36},
number = {10},
pages = {},
keywords = {land-atmospheric coupling strength, land-atmospheric interactions, surface exchange coefficients},
doi = {https://doi.org/10.1029/2009GL037980},
url = {https://agupubs.onlinelibrary.wiley.com/doi/abs/10.1029/2009GL037980},
year = {2009}
}

@article{Nadeau_2009,
  title={Estimation of urban sensible heat flux using a dense wireless network of observations},
  author={Nadeau, Daniel F and Brutsaert, W and Parlange, MB and Bou-Zeid, Elie and Barrenetxea, Guillermo and Couach, O and Boldi, M-O and Selker, John S and Vetterli, M},
  journal={Environmental fluid mechanics},
  volume={9},
  number={6},
  pages={635--653},
  year={2009},
  publisher={Springer}
}

@article{Xu_2008,
  title={Modelling of urban sensible heat flux at multiple spatial scales: A demonstration using airborne hyperspectral imagery of Shanghai and a temperature--emissivity separation approach},
  author={Xu, W and Wooster, MJ and Grimmond, CSB},
  journal={Remote Sensing of Environment},
  volume={112},
  number={9},
  pages={3493--3510},
  year={2008},
  publisher={Elsevier}
}

@article{Voogt_2003,
title = "Thermal remote sensing of urban climates",
journal = "Remote Sensing of Environment",
volume = "86",
number = "3",
pages = "370 - 384",
year = "2003",
note = "Urban Remote Sensing",
issn = "0034-4257",
doi = "https://doi.org/10.1016/S0034-4257(03)00079-8",
url = "http://www.sciencedirect.com/science/article/pii/S0034425703000798",
author = "J.A Voogt and T.R Oke",
keywords = "Remote sensing, Urban climates, Rural"
}

@article{Liu_2012,
	title = {Urban surface heat fluxes infrared remote sensing inversion and their relationship with land use types},
	volume = {22},
	issn = {1009-637X, 1861-9568},
	url = {http://link.springer.com/10.1007/s11442-012-0957-7},
	doi = {10.1007/s11442-012-0957-7},
	language = {en},
	number = {4},
	urldate = {2021-01-15},
	journal = {Journal of Geographical Sciences},
	author = {Liu, Yue and Shintaro, Goto and Zhuang, Dafang and Kuang, Wenhui},
	month = aug,
	year = {2012},
	pages = {699--715},
}

@article{Rigo_2007,
  title={Modelling the ground heat flux of an urban area using remote sensing data},
  author={Rigo, G and Parlow, E},
  journal={Theoretical and Applied Climatology},
  volume={90},
  number={3-4},
  pages={185--199},
  year={2007},
  publisher={Springer}
}

@article{Oke_1987,
	title = {Urban heat storage derived as energy balance residuals},
	volume = {39},
	issn = {0006-8314, 1573-1472},
	url = {http://link.springer.com/10.1007/BF00116120},
	doi = {10.1007/BF00116120},
	language = {en},
	number = {3},
	urldate = {2021-01-15},
	journal = {Boundary-Layer Meteorology},
	author = {Oke, T. R. and Cleugh, H. A.},
	month = may,
	year = {1987},
	pages = {233--245},
}

@misc{bureau_population_nodate,
	title = {Population and {Housing} {Unit} {Estimates} {Tables}},
	author = {{US Census Bureau}},
	url = {https://www.census.gov/programs-surveys/popest/data/tables.html},
	abstract = {Stats displayed in columns and rows with title, ID, notes, sources and release date. Many tables are in downloadable XLS, CSV and PDF file formats.},
	language = {EN-US},
	year = {2019},
	urldate = {2021-01-19},
	journal = {The United States Census Bureau},
	editor = {US Census Bureau}
}

@article{Hamstead_2015,
title = "Classification of the heterogeneous structure of urban landscapes (STURLA) as an indicator of landscape function applied to surface temperature in New York City",
journal = "Ecological Indicators",
volume = "70",
pages = "574 - 585",
year = "2016",
note = "Navigating Urban Complexity: Advancing Understanding of Urban Social – Ecological Systems for Transformation and Resilience",
issn = "1470-160X",
doi = "https://doi.org/10.1016/j.ecolind.2015.10.014",
url = "http://www.sciencedirect.com/science/article/pii/S1470160X1500549X",
author = "Zoé A. Hamstead and Peleg Kremer and Neele Larondelle and Timon McPhearson and Dagmar Haase",
keywords = "Urban, Landscape structure, Landscape function, Heterogeneity, Scale"
}

@article{Kastner_2004,
  title={The influence of street architecture on flow and dispersion in street canyons},
  author={Kastner-Klein, P and Berkowicz, R and Britter, R},
  journal={Meteorology and Atmospheric Physics},
  volume={87},
  number={1},
  pages={121--131},
  year={2004},
  publisher={Springer}
}

@article{Park_2012,
  title={A large-eddy simulation study of thermal effects on turbulent flow and dispersion in and above a street canyon},
  author={Park, Seung-Bu and Baik, Jong-Jin and Raasch, Siegfried and Letzel, Marcus Oliver},
  journal={Journal of Applied Meteorology and Climatology},
  volume={51},
  number={5},
  pages={829--841},
  year={2012}
}

@article{Dudhia_1989,
  title={Numerical study of convection observed during the winter monsoon experiment using a mesoscale two-dimensional model},
  author={Dudhia, Jimy},
  journal={Journal of Atmospheric Sciences},
  volume={46},
  number={20},
  pages={3077--3107},
  year={1989}
}

@article{Mlawer_1997,
  title={Radiative transfer for inhomogeneous atmospheres: RRTM, a validated correlated-k model for the longwave},
  author={Mlawer, Eli J and Taubman, Steven J and Brown, Patrick D and Iacono, Michael J and Clough, Shepard A},
  journal={Journal of Geophysical Research: Atmospheres},
  volume={102},
  number={D14},
  pages={16663--16682},
  year={1997},
  publisher={Wiley Online Library}
}

@article{Janjic_1994,
  title={The step-mountain eta coordinate model: Further developments of the convection, viscous sublayer, and turbulence closure schemes},
  author={Janji{\'c}, Zavi{\v{s}}a I},
  journal={Monthly weather review},
  volume={122},
  number={5},
  pages={927--945},
  year={1994},
  publisher={American Meteorological Society}
}

@article{Niu_2011,
  title={The community Noah land surface model with multiparameterization options (Noah-MP): 1. Model description and evaluation with local-scale measurements},
  author={Niu, Guo-Yue and Yang, Zong-Liang and Mitchell, Kenneth E and Chen, Fei and Ek, Michael B and Barlage, Michael and Kumar, Anil and Manning, Kevin and Niyogi, Dev and Rosero, Enrique and others},
  journal={Journal of Geophysical Research: Atmospheres},
  volume={116},
  number={D12},
  year={2011},
  publisher={Wiley Online Library}
}

@article{Salamanca_2010,
  title={A new building energy model coupled with an urban canopy parameterization for urban climate simulations—Part II. Validation with one dimension off-line simulations},
  author={Salamanca, Francisco and Martilli, Alberto},
  journal={Theoretical and Applied Climatology},
  volume={99},
  number={3},
  pages={345--356},
  year={2010},
  publisher={Springer}
}

@article{Gamarro_2019,
  title={On the assessment of a numerical weather prediction model for solar photovoltaic power forecasts in cities},
  author={Gamarro, Harold and Gonzalez, Jorge E and Ortiz, Luis E},
  journal={Journal of Energy Resources Technology},
  volume={141},
  number={6},
  year={2019},
  publisher={American Society of Mechanical Engineers Digital Collection}
}

@article{Best_2005,
  title={Representing urban areas within operational numerical weather prediction models},
  author={Best, MJ},
  journal={Boundary-Layer Meteorology},
  volume={114},
  number={1},
  pages={91--109},
  year={2005},
  publisher={Springer}
}

@article{Zhang_2015,
  title={Comparison of numerical weather prediction based deterministic and probabilistic wind resource assessment methods},
  author={Zhang, Jie and Draxl, Caroline and Hopson, Thomas and Delle Monache, Luca and Vanvyve, Emilie and Hodge, Bri-Mathias},
  journal={Applied Energy},
  volume={156},
  pages={528--541},
  year={2015},
  publisher={Elsevier}
}

@article{Leroyer_2014,
  title={Subkilometer numerical weather prediction in an urban coastal area: A case study over the Vancouver metropolitan area},
  author={Leroyer, Sylvie and B{\'e}lair, St{\'e}phane and Husain, Syed Z and Mailhot, Jocelyn},
  journal={Journal of Applied Meteorology and Climatology},
  volume={53},
  number={6},
  pages={1433--1453},
  year={2014}
}

@article{Hong_2012,
  title={Next-generation numerical weather prediction: Bridging parameterization, explicit clouds, and large eddies},
  author={Hong, Song-You and Dudhia, Jimy},
  journal={Bulletin of the American Meteorological Society},
  volume={93},
  number={1},
  pages={ES6--ES9},
  year={2012},
  publisher={JSTOR}
}

@article{Chen_2011,
  title={The integrated WRF/urban modelling system: development, evaluation, and applications to urban environmental problems},
  author={Chen, Fei and Kusaka, Hiroyuki and Bornstein, Robert and Ching, Jason and Grimmond, CSB and Grossman-Clarke, Susanne and Loridan, Thomas and Manning, Kevin W and Martilli, Alberto and Miao, Shiguang and others},
  journal={International Journal of Climatology},
  volume={31},
  number={2},
  pages={273--288},
  year={2011},
  publisher={Wiley Online Library}
}

@article{Feddema_2005,
  title={The importance of land-cover change in simulating future climates},
  author={Feddema, Johannes J and Oleson, Keith W and Bonan, Gordon B and Mearns, Linda O and Buja, Lawrence E and Meehl, Gerald A and Washington, Warren M},
  journal={Science},
  volume={310},
  number={5754},
  pages={1674--1678},
  year={2005},
  publisher={American Association for the Advancement of Science}
}

@article{Wang_2016,
  title={Spatio-temporal modeling of the urban heat island in the Phoenix metropolitan area: Land use change implications},
  author={Wang, Chuyuan and Myint, Soe W and Wang, Zhihua and Song, Jiyun},
  journal={Remote Sensing},
  volume={8},
  number={3},
  pages={185},
  year={2016},
  publisher={Multidisciplinary Digital Publishing Institute}
}

@article{Vautard_2007,
  title={Summertime European heat and drought waves induced by wintertime Mediterranean rainfall deficit},
  author={Vautard, R and Yiou, P and D'andrea, F and De Noblet, N and Viovy, N and Cassou, C and Polcher, J and Ciais, P and Kageyama, M and Fan, Y},
  journal={Geophysical Research Letters},
  volume={34},
  number={7},
  year={2007},
  publisher={Wiley Online Library}
}

@article{Imran_2018,
  title={Effectiveness of green and cool roofs in mitigating urban heat island effects during a heatwave event in the city of Melbourne in southeast Australia},
  author={Imran, Hosen M and Kala, J and Ng, AWM and Muthukumaran, Shobha},
  journal={Journal of Cleaner Production},
  volume={197},
  pages={393--405},
  year={2018},
  publisher={Elsevier}
}

@article{Schumacher_2019,
  title={Amplification of mega-heatwaves through heat torrents fuelled by upwind drought},
  author={Schumacher, Dominik L and Keune, Jessica and Van Heerwaarden, Chiel C and de Arellano, Jordi Vil{\`a}-Guerau and Teuling, Adriaan J and Miralles, Diego G},
  journal={Nature Geoscience},
  volume={12},
  number={9},
  pages={712--717},
  year={2019},
  publisher={Nature Publishing Group}
}

@article{Xiaomin_2006,
  title={The impact of urban street layout on local atmospheric environment},
  author={Xiaomin, Xie and Zhen, Huang and Jiasong, Wang},
  journal={Building and Environment},
  volume={41},
  number={10},
  pages={1352--1363},
  year={2006},
  publisher={Elsevier}
}

@article{Erell_2006,
  title={Simulating air temperature in an urban street canyon in all weather conditions using measured data at a reference meteorological station},
  author={Erell, Evyatar and Williamson, Terence},
  journal={International Journal of Climatology: A Journal of the Royal Meteorological Society},
  volume={26},
  number={12},
  pages={1671--1694},
  year={2006},
  publisher={Wiley Online Library}
}

@manual{Cartopy,
author = {{Met Office}},
title = {Cartopy: a cartographic python library with a matplotlib interface},
year = {2010 - 2015},
address = {Exeter, Devon },
url = {http://scitools.org.uk/cartopy}
}

@article{Nash_1970,
  title={River flow forecasting through conceptual models part I—A discussion of principles},
  author={Nash, J Eamonn and Sutcliffe, Jonh V},
  journal={Journal of hydrology},
  volume={10},
  number={3},
  pages={282--290},
  year={1970},
  publisher={Elsevier}
}

@article{Legates_1999,
  title={Evaluating the use of “goodness-of-fit” measures in hydrologic and hydroclimatic model validation},
  author={Legates, David R and McCabe Jr, Gregory J},
  journal={Water resources research},
  volume={35},
  number={1},
  pages={233--241},
  year={1999},
  publisher={Wiley Online Library}
}

@article{Bou-Zeid_2020,
  title={The persistent challenge of surface heterogeneity in boundary-layer meteorology: a review},
  author={Bou-Zeid, Elie and Anderson, William and Katul, Gabriel G and Mahrt, Larry},
  journal={Boundary-Layer Meteorology},
  volume={177},
  number={2},
  pages={227--245},
  year={2020},
  publisher={Springer}
}

@article{Lee_2015,
  title={Determination of turbulent sensible heat flux over a coastal maritime area using a large aperture scintillometer},
  author={Lee, Sang-Hyun},
  journal={Boundary-Layer Meteorology},
  volume={157},
  number={2},
  pages={309--319},
  year={2015},
  publisher={Springer}
}

@article{Thompson_2007,
  title={Investigation of a sea breeze front in an urban environment},
  author={Thompson, William T and Holt, Teddy and Pullen, Julie},
  journal={Quarterly Journal of the Royal Meteorological Society: A journal of the atmospheric sciences, applied meteorology and physical oceanography},
  volume={133},
  number={624},
  pages={579--594},
  year={2007},
  publisher={Wiley Online Library}
}

@article{Chen_2011,
  title={The integrated WRF/urban modelling system: development, evaluation, and applications to urban environmental problems},
  author={Chen, Fei and Kusaka, Hiroyuki and Bornstein, Robert and Ching, Jason and Grimmond, CSB and Grossman-Clarke, Susanne and Loridan, Thomas and Manning, Kevin W and Martilli, Alberto and Miao, Shiguang and others},
  journal={International Journal of Climatology},
  volume={31},
  number={2},
  pages={273--288},
  year={2011},
  publisher={Wiley Online Library}
}
@article{Gutierrez_20151,
  title={Simulations of a heat-wave event in New York City using a multilayer urban parameterization},
  author={Gutierrez, E and Gonzalez, JE and Martilli, A and Bornstein, R and Arend, M},
  journal={Journal of Applied Meteorology and Climatology},
  volume={54},
  number={2},
  pages={283--301},
  year={2015},
  publisher={American Meteorological Society}
}

@article{Gutierrez_20152,
  title={Simulations of a heat-wave event in New York City using a multilayer urban parameterization},
  author={Gutierrez, E and Gonzalez, JE and Martilli, A and Bornstein, R and Arend, M},
  journal={Journal of Applied Meteorology and Climatology},
  volume={54},
  number={2},
  pages={283--301},
  year={2015},
  publisher={American Meteorological Society}
}

@article{Gutierrez_20153,
  title={On the anthropogenic heat fluxes using an air conditioning evaporative cooling parameterization for mesoscale urban canopy models},
  author={Gutierrez, E and Gonzalez, JE and Martilli, A and Bornstein, R},
  journal={Journal of Solar Energy Engineering},
  volume={137},
  number={5},
  pages={051005},
  year={2015},
  publisher={American Society of Mechanical Engineers}
}

@article{Ortiz_2017,
  title={Forecasting building energy demands with a coupled weather-building energy model in a dense urban environment},
  author={Ortiz, Luis E and Gonzalez, Jorge E and Gutierrez, Estatio and Arend, Mark},
  journal={Journal of Solar Energy Engineering},
  volume={139},
  number={1},
  pages={011002},
  year={2017},
  publisher={American Society of Mechanical Engineers}
}

@article{Gedzelman_2003,
  title={Mesoscale aspects of the urban heat island around New York City},
  author={Gedzelman, SD and Austin, S and Cermak, R and Stefano, N and Partridge, S and Quesenberry, S and Robinson, DA},
  journal={Theoretical and applied climatology},
  volume={75},
  number={1},
  pages={29--42},
  year={2003},
  publisher={Springer}
}

@article{Tang_2016,
  title={Estimation of land surface temperature from MODIS data for the atmosphere with air temperature inversion profile},
  author={Tang, Bo-Hui and Zhan, Chuan and Li, Zhao-Liang and Wu, Hua and Tang, Ronglin},
  journal={IEEE Journal of Selected Topics in Applied Earth Observations and Remote Sensing},
  volume={10},
  number={6},
  pages={2976--2983},
  year={2016},
  publisher={IEEE}
}

@article{Moreira_2020,
  title={Study of the planetary boundary layer height in an urban environment using a combination of microwave radiometer and ceilometer},
  author={de Arruda Moreira, Gregori and Guerrero-Rascado, Juan Luis and Bravo-Aranda, Juan Antonio and Foyo-Moreno, Inmaculada and Cazorla, Alberto and Alados, Inmaculada and Lyamani, Hassan and Landulfo, Eduardo and Alados-Arboledas, Lucas},
  journal={Atmospheric Research},
  volume={240},
  pages={104932},
  year={2020},
  publisher={Elsevier}
}

@article{Kamp_2010,
  title={Diurnal and seasonal trends in convective mixed-layer heights estimated from two years of continuous ceilometer observations in Vancouver, BC},
  author={van der Kamp, Derek and McKendry, Ian},
  journal={Boundary-layer meteorology},
  volume={137},
  number={3},
  pages={459--475},
  year={2010},
  publisher={Springer}
}

@article{Crawford_2017,
  title={Spatial and temporal patterns of surface--atmosphere energy exchange in a dense urban environment using scintillometry},
  author={Crawford, Ben and Grimmond, C Sue B and Ward, Helen C and Morrison, William and Kotthaus, Simone},
  journal={Quarterly Journal of the Royal Meteorological Society},
  volume={143},
  number={703},
  pages={817--833},
  year={2017},
  publisher={Wiley Online Library}
}

@article{Lee_2015,
  title={Estimation of turbulent sensible heat and momentum fluxes over a heterogeneous urban area using a large aperture scintillometer},
  author={Lee, Sang-Hyun and Lee, Jun-Ho and Kim, Bo-Young},
  journal={Advances in Atmospheric Sciences},
  volume={32},
  number={8},
  pages={1092--1105},
  year={2015},
  publisher={Springer}
}

@article{Bonafoni_2016,
  title={Downscaling of Landsat and MODIS land surface temperature over the heterogeneous urban area of Milan},
  author={Bonafoni, Stefania},
  journal={IEEE Journal of Selected Topics in Applied Earth Observations and Remote Sensing},
  volume={9},
  number={5},
  pages={2019--2027},
  year={2016},
  publisher={IEEE}
}

@article{Bala_2019,
  title={Disaggregation of modis land surface temperature in urban areas using improved thermal sharpening techniques},
  author={Bala, Ruchi and Prasad, Rajendra and Yadav, Vijay Pratap},
  journal={Advances in Space Research},
  volume={64},
  number={3},
  pages={591--602},
  year={2019},
  publisher={Elsevier}
}

@article{Mott_2015,
  title={Atmospheric flow development and associated changes in turbulent sensible heat flux over a patchy mountain snow cover},
  author={Mott, Rebecca and Daniels, Megan and Lehning, Michael},
  journal={Journal of Hydrometeorology},
  volume={16},
  number={3},
  pages={1315--1340},
  year={2015}
}

@article{Brenner_2017,
  title={Estimating spatially distributed turbulent heat fluxes from high-resolution thermal imagery acquired with a UAV system},
  author={Brenner, Claire and Thiem, Christina Elisabeth and Wizemann, Hans-Dieter and Bernhardt, Matthias and Schulz, Karsten},
  journal={International Journal of Remote Sensing},
  volume={38},
  number={8-10},
  pages={3003--3026},
  year={2017},
  publisher={Taylor \& Francis}
}

@article{Xia_2016,
  title={Mapping evapotranspiration with high-resolution aircraft imagery over vineyards using one-and two-source modeling schemes},
  author={Xia, Ting and Kustas, William P and Anderson, Martha C and Alfieri, Joseph G and Gao, Feng and McKee, Lynn and Prueger, John H and Geli, Hatim ME and Neale, Christopher MU and Sanchez, Luis and others},
  journal={Hydrology and Earth System Sciences},
  volume={20},
  number={4},
  pages={1523--1545},
  year={2016},
  publisher={Copernicus GmbH}
}

@article{Cammalleri_2012,
  title={Applications of a remote sensing-based two-source energy balance algorithm for mapping surface fluxes without in situ air temperature observations},
  author={Cammalleri, C and Anderson, MC and Ciraolo, G and D'urso, G and Kustas, WP and La Loggia, G and Minacapilli, M},
  journal={Remote Sensing of Environment},
  volume={124},
  pages={502--515},
  year={2012},
  publisher={Elsevier}
}

@book{Stull_1988,
  title={An Introduction to Boundary Layer Meteorology},
  author={R. Stull},
  year={1988},
  publisher={Kluwer Academic Publishers}
}

@article{Garratt_1994,
  title={The atmospheric boundary layer},
  author={Garratt, John Roy},
  journal={Earth-Science Reviews},
  volume={37},
  number={1-2},
  pages={89--134},
  year={1994},
  publisher={Elsevier}
}

@article{Yu_2011,
  title={Validation of GOES-R satellite land surface temperature algorithm using SURFRAD ground measurements and statistical estimates of error properties},
  author={Yu, Yunyue and Tarpley, Dan and Privette, Jeffrey L and Flynn, Lawrence E and Xu, Hui and Chen, Ming and Vinnikov, Konstantin Y and Sun, Donglian and Tian, Yuhong},
  journal={IEEE Transactions on Geoscience and Remote Sensing},
  volume={50},
  number={3},
  pages={704--713},
  year={2011},
  publisher={IEEE}
}

@article{Feigenwinter_2018,
  title={Spatial distribution of sensible and latent heat flux in the city of Basel (Switzerland)},
  author={Feigenwinter, Christian and Vogt, Roland and Parlow, Eberhard and Lindberg, Fredrik and Marconcini, Mattia and Del Frate, Fabio and Chrysoulakis, Nektarios},
  journal={IEEE Journal of Selected Topics in Applied Earth Observations and Remote Sensing},
  volume={11},
  number={8},
  pages={2717--2723},
  year={2018},
  publisher={IEEE}
}

@article{Melecio-Vazquez_2018,
  title={Thermal structure of a coastal--urban boundary layer},
  author={Melecio-Vazquez, David and Ramamurthy, Prathap and Arend, Mark and Gonzalez-Cruz, Jorge E},
  journal={Boundary-Layer Meteorology},
  volume={169},
  number={1},
  pages={151--161},
  year={2018},
  publisher={Springer}
}

@article{Ortega-Farias_2016,
  title={Estimation of energy balance components over a drip-irrigated olive orchard using thermal and multispectral cameras placed on a helicopter-based unmanned aerial vehicle (UAV)},
  author={Ortega-Far{\'\i}as, Samuel and Ortega-Salazar, Samuel and Poblete, Tomas and Kilic, Ayse and Allen, Richard and Poblete-Echeverr{\'\i}a, Carlos and Ahumada-Orellana, Luis and Zu{\~n}iga, Mauricio and Sep{\'u}lveda, Daniel},
  journal={Remote Sensing},
  volume={8},
  number={8},
  pages={638},
  year={2016},
  publisher={Multidisciplinary Digital Publishing Institute}
}

@article{Mkhwanazi_2012,
  title={Comparison of large aperture scintillometer and satellite-based energy balance models in sensible heat flux and crop evapotranspiration determination},
  author={Mkhwanazi, Mcebisi and Ch{\'a}vez, Jos{\'e} L and Rambikur, Evan H},
  journal={International Journal of Remote Sensing Applications},
  volume={2},
  number={1},
  pages={24--30},
  year={2012},
  publisher={Science and Engineering Publishing Company}
}

@article{Miglietta_2009,
  title={Sensible and latent heat flux from radiometric surface temperatures at the regional scale: methodology and evaluation},
  author={Miglietta, Francesco and Gioli, B and Brunet, Yves and Hutjes, RWA and Matese, A and Sarrat, Charlotte and Zaldei, A},
  journal={Biogeosciences},
  volume={6},
  number={10},
  pages={1975--1986},
  year={2009},
  publisher={Copernicus GmbH}
}
@article{Vinnikov_2012,
  title={Angular anisotropy of satellite observations of land surface temperature},
  author={Vinnikov, Konstantin Y and Yu, Yunyue and Goldberg, Mitchell D and Tarpley, Dan and Romanov, Peter and Laszlo, Istvan and Chen, Ming},
  journal={Geophysical Research Letters},
  volume={39},
  number={23},
  year={2012},
  publisher={Wiley Online Library}
}

@article{Wang_2021,
  title={Modeling the angular effect of MODIS LST in urban areas: A case study of Toulouse, France},
  author={Wang, Dandan and Chen, Yunhao and Hu, Leiqiu and Voogt, James A and Gastellu-Etchegorry, Jean-Philippe and Krayenhoff, E Scott},
  journal={Remote Sensing of Environment},
  volume={257},
  pages={112361},
  year={2021},
  publisher={Elsevier}
}

@inbook{aubinet_vesala_papale_2012, 
	place={Dordrecht}, 
	title={Eddy Covariance Measurements Over Urban Areas}, 
	booktitle={Eddy covariance: A practical guide to measurement and Data Analysis}, 
	publisher={Springer}, 
	author={Aubinet, Marc and Vesala, Timo and Papale, Dario}, 
	year={2012}
} 

@article{Bauer_2020,
  title={Interaction of urban heat island effects and land--sea breezes during a New York City heat event},
  author={Bauer, Timothy J},
  journal={Journal of Applied Meteorology and Climatology},
  volume={59},
  number={3},
  pages={477--495},
  year={2020}
}

@misc{NYCDOCP,
	title={Zoning: District Guide - About Zoning Districts},
	author = {Department of City Planning, New York City},
	year={2021},
	publisher={New York City Department of City Planning},
	url={https://www1.nyc.gov/site/planning/zoning/districts-tools.page}
}

@article{Wang_2021_LES,
  title={Large-eddy simulation of turbulent flows over an urban building array with the ABLE-LBM and comparison with 3D MRI observed data sets},
  author={Wang, Yansen and Benson, Michael J},
  journal={Environmental Fluid Mechanics},
  volume={21},
  number={2},
  pages={287--304},
  year={2021},
  publisher={Springer}
}

@book{Oke_2017,
  title={Urban climates},
  author={Oke, Timothy R and Mills, Gerald and Christen, Andreas and Voogt, James A},
  year={2017},
  publisher={Cambridge University Press}
}

\end{filecontents*}